@BOOK{Nom2012,
  title = {Mon livre},
  publisher = {Editeur},
  year = {2012},
  author = {Prenom et Nom},
  owner = {ines},
  timestamp = {2013.04.06}
}

@BOOK{web001,
  title = {Mon livre},
  publisher = {Editeur},
  year = {2012},
  author = {Prenom et Nom},
  owner = {ines},
  timestamp = {2013.04.06}
}

@BOOK{gen1972,
  AUTHOR =       {Genette, Gérard},
  TITLE =        {Figure III},
  PUBLISHER =    {Seuil},
  YEAR =         {1972},
  address =      {Paris}
}


@BOOK{schaeffer99,
  AUTHOR =       {Schaeffer, Jean-Marie},
  TITLE =        {Pourquoi la fiction~?},
  PUBLISHER =    {Seuil},
  YEAR =         {1999},
  address =      {Paris}
}


@book{caillois1,
	address = {Paris},
	title = {Les jeux et les hommes},
	publisher = {Gallimard},
	author = {Caillois, Roger},
	year = {1991}
}

@incollection{jenkins2004,
	address = {Cambridge},
	publisher = {MIT Press},
     editor =      {Pat Harrigan and Noah Wardrip-Fruin},
	title = {Game Design as Narrative Architecture},
	url = {http://interactive.usc.edu/blog-old/wp-content/uploads/2011/01/Jenkins_Narrative_Architecture.pdf},
	booktitle = {First Person~: new media as story, performance, and game},
	author = {Jenkins, Henry},
	year = {2004}
}

@book{hui,
	author = {Huizinga, Johan},
	title = {Homo Ludens. Essai sur la fonction sociale du jeu},
	address = {Paris},
	publisher = {Gallimard},
	year = {1951 [1938]}
}



@INPROCEEDINGS{Bird02nltk:the,
    author = {Steven Bird},
    title = {Nltk: The natural language toolkit},
    booktitle = {In Proceedings of the ACL Workshop on Effective Tools and Methodologies for Teaching Natural Language Processing and Computational Linguistics. Philadelphia: Association for Computational Linguistics},
    year = {2002}
}

@book{django2021,
  title={Django 3.2 Documentation},
  author={Django Software Foundation},
  year={2021},
  url={https://docs.djangoproject.com/en/3.2/},
}

@article{postgis2021,
  title={PostGIS 3.1 Manual},
  author={PostGIS Project Steering Committee},
  journal={PostGIS Documentation},
  year={2021},
  url={https://postgis.net/documentation/},
}

@book{fowler2002,
  title={Patterns of Enterprise Application Architecture},
  author={Fowler, Martin},
  year={2002},
  publisher={Addison-Wesley Professional},
  isbn={978-0321127426},
}

@article{rest2000,
  title={Architectural Styles and the Design of Network-based Software Architectures},
  author={Fielding, Roy Thomas},
  journal={Doctoral dissertation, University of California, Irvine},
  year={2000},
}

@book{ddd2003,
  title={Domain-Driven Design: Tackling Complexity in the Heart of Software},
  author={Evans, Eric},
  year={2003},
  publisher={Addison-Wesley Professional},
  isbn={978-0321125217},
}

@article{testing2020,
  title={Best Practices for Django Testing},
  author={Django Testing Working Group},
  journal={Django Documentation},
  year={2020},
  url={https://docs.djangoproject.com/en/3.2/topics/testing/},
}

@book{agile2001,
  title={Manifeste pour le développement Agile de logiciels},
  author={Beck, Kent and others},
  year={2001},
  url={https://agilemanifesto.org/iso/fr/manifesto.html},
}

@article{geolocation2019,
  title={Advanced Spatial Database Systems},
  author={Güting, Ralf Hartmut},
  journal={ACM Computing Surveys},
  year={2019},
  volume={51},
  number={3},
}

@book{security2021,
  title={Django Security Best Practices},
  author={Django Security Team},
  year={2021},
  url={https://docs.djangoproject.com/en/3.2/topics/security/},
}

@article{orm2018,
  title={Object-Relational Mapping in Modern Web Applications},
  author={Richardson, Leonard},
  journal={IEEE Software},
  year={2018},
  volume={35},
  number={4},
}

@book{uml2017,
  title={UML 2.5 Specification},
  author={Object Management Group},
  year={2017},
  url={https://www.omg.org/spec/UML/},
}

@article{web2020,
  title={Modern Web Application Architecture},
  author={Mozilla Developer Network},
  journal={MDN Web Docs},
  year={2020},
  url={https://developer.mozilla.org/fr/docs/Web/Architecture},
}

@book{clean2008,
  title={Clean Code: A Handbook of Agile Software Craftsmanship},
  author={Martin, Robert C.},
  year={2008},
  publisher={Prentice Hall},
  isbn={978-0132350884},
}

@article{mvc2003,
  title={The Model-View-Controller (MVC) Design Pattern},
  author={Gamma, Erich and Helm, Richard and Johnson, Ralph and Vlissides, John},
  journal={Design Patterns: Elements of Reusable Object-Oriented Software},
  year={2003},
}

@book{python2021,
  title={Python 3.9 Documentation},
  author={Python Software Foundation},
  year={2021},
  url={https://docs.python.org/3.9/},
}



